@article{Davis2014VisualMic,
    author = {Abe Davis and Michael Rubinstein and Neal Wadhwa and Gautham
        Mysore and Fredo Durand and William T. Freeman},
    title = {The Visual Microphone: Passive Recovery of Sound from Video},
    journal = {ACM Transactions on Graphics (Proc. SIGGRAPH)},
    year = {2014},
    volume = {33},
    number = {4},
    pages = {79:1--79:10}
}


@ARTICLE{Portilla99,
    AUTHOR= {J Portilla and E P Simoncelli},
    TITLE= {A parametric texture model based on joint statistics of
        complex wavelet coefficients},
    JOURNAL= {Int'l Journal of Computer Vision},
    VOLUME= 40,
    NUMBER= 1,
    PAGES= {49--71},
    MONTH= {December},
    YEAR= 2000
}

@article{felsberg2001monogenic,
    title={The monogenic signal},
    author={Felsberg, Michael and Sommer, Gerald},
    journal={Signal Processing, IEEE Transactions on},
    volume={49},
    number={12},
    pages={3136--3144},
    year={2001},
    publisher={IEEE}
}

@article{unser2009multiresolution,
    title={Multiresolution monogenic signal analysis using the Riesz--Laplace wavelet transform},
    author={Unser, Michael and Sage, Daniel and Van De Ville, Dimitri},
    journal={Image Processing, IEEE Transactions on},
    volume={18},
    number={11},
    pages={2402--2418},
    year={2009},
    publisher={IEEE}
}

@article{Wadhwa2014RieszPyramid, 
    author = {Neal Wadhwa and Michael Rubinstein and Fr\'{e}do Durand and William T. Freeman},
    title = {Riesz Pyramids for Fast Phase-Based Video Magnification},
    booktitle = {Computational Photography (ICCP), 2014 IEEE International Conference on},
    year = {2014}, 
    organization = {IEEE} 
}

